
@InProceedings{Corzilius2015,
  author       = {Florian Corzilius and Gereon Kremer and Sebastian Junges and Stefan Schupp and Erika Ábrahám},
  title        = {{SMT-RAT:} An Open Source {C++} Toolbox for Strategic and Parallel {SMT} Solving},
  booktitle    = {Proceedings of SAT 2015},
  booksubtitle = {Proceedings of SAT 2015},
  volume       = {9340},
  series       = {LNCS},
  isbn         = {978-3-319-24318-4},
  pages        = {360--368},
  doi          = {10.1007/978-3-319-24318-4_26},
  issn         = {0302-9743},
}

@mastersThesis{kruger2015bitvectors,
  author={Kr{\"u}ger, Andreas},
  title = 	 {Bitvectors in {SMT-RAT} and their Application to Integer Arithmetics},
  school = 	 {RWTH Aachen University},
  year = 	 {2015},
}

@mastersThesis{Neuss2018,
  author      = {Malte Neuß},
  title       = {Implementation of OneCell CAD for nonlinear explanations},
  type        = mathesis,
  school = {RWTH Aachen University},
  year        = {2018},
}

@inproceedings{Article_Corzilius_FCT2011,
  author = {Florian Corzilius and Erika \'{A}brah\'{a}m},
  title = {Virtual Substitution for {SMT} Solving},
  booktitle = {Proceedings of FCT 2011},
  pages={360--371},
  series = {LNCS},
  volume = 6914,
  timestamp = {2012.02.15}
}

@InProceedings{Een2003,
  author       = {Niklas E{\'{e}}n and Niklas S{\"{o}}rensson},
  title        = {An Extensible SAT-solver},
  booktitle    = {Proceedings of SAT 2013},
  booksubtitle = {Proceedings of SAT 2013},
  volume       = {2919},
  series       = {LNCS},
  pages        = {502--518},
  doi          = {10.1007/978-3-540-24605-3_37},
  bibsource    = {dblp computer science bibliography, https://dblp.org},
  biburl       = {https://dblp.org/rec/bib/conf/sat/EenS03},
  file         = {:Een2003 - An Extensible SAT Solver.pdf:PDF},
}

@inproceedings{GGIGSC10,
  author =        {S. Gao and M. K. Ganai and F. Ivancic and
                   A. Gupta and S. Sankaranarayanan and
                   E. M. Clarke},
  booktitle =     {Proceedings of FMCAD 2010},
  pages =         {81--89},
  title =         {Integrating {ICP} and {LRA} Solvers for Deciding
                   Nonlinear Real Arithmetic Problems},
  doi =
  {http://ieeexplore.ieee.org/xpls/abs_all.jsp?arnumber=5770936},
}

@Article{Loup2013,
  author    = {Ulrich Loup and Karsten Scheibler and Florian Corzilius and Erika Ábrahám and Bernd Becker},
  title     = {A Symbiosis of Interval Constraint Propagation and Cylindrical Algebraic Decomposition},
  journal   = {Automated Deduction – CADE-24},
  year      = {2013},
  doi       = {10.1007/978-3-642-38574-2_13},
  url       = {http://dx.doi.org/10.1007/978-3-642-38574-2_13},
}

@InProceedings{Moura2013,
  author       = {Leonardo de Moura and Dejan Jovanović},
  title        = {A Model-Constructing Satisfiability Calculus},
  booktitle    = {Proceedings of VMCAI 2013},
  booksubtitle = {Proceedings of VMCAI 2013},
  volume       = {7737},
  series       = {LNCS},
  pages        = {1--12},
  doi          = {10.1007/978-3-642-35873-9_1},
  file         = {:Moura2013 - A Model Constructing Satisfiability Calculus.pdf:PDF},
  issn         = {0302-9743},
}

@article{sebastiani2007lazy,
    author = {Sebastiani, Roberto},
    citeulike-article-id = {10105496},
    citeulike-linkout-0 = {http://jsat.ewi.tudelft.nl/content/volume3/JSAT3\_9\_Sebastiani\_.pdf},
    journal = {Journal on Satisfiability, Boolean Modeling and Computation},
    keywords = {lazy, logic, sat, smt},
    pages = {141--224},
    posted-at = {2011-12-08 10:32:52},
    priority = {2},
    title = {{Lazy Satisfiability Modulo Theories}},
    xxurl = {http://jsat.ewi.tudelft.nl/content/volume3/JSAT3\_9\_Sebastiani\_.pdf},
    volume = {3},
    year = {2007}
}

@InProceedings{Kremer2016,
  author       = {Gereon Kremer and Florian Corzilius and Erika Ábrahám},
  title        = {A Generalised Branch-and-Bound Approach and Its Application in SAT Modulo Nonlinear Integer Arithmetic},
  booktitle    = {Proceedings of CASC 2016},
  booksubtitle = {Proceedings of CASC 2016},
  volume       = {9890},
  series       = {LNCS},
  pages        = {315--335},
  doi          = {10.1007/978-3-319-45641-6_21},
  journaltitle = {Computer Algebra in Scientific Computing},
}

@inproceedings{DM06,
  author =        {B. Dutertre and L. de Moura},
  booktitle =     {Proceedings of CAV 2006},
  pages =         {81--94},
  series =        {LNCS},
  title =         {A Fast Linear-Arithmetic Solver for {DPLL(T)}},
  volume =        {4144},
}


@InProceedings{Abraham2017,
  author       = {Erika Ábrahám and Jasper Nalbach and Gereon Kremer},
  title        = {Embedding the Virtual Substitution Method in the Model Constructing Satisfiability Calculus Framework},
  booktitle    = {Proceedings of SC$^2$ 2017 at ISSAC},
  booksubtitle = {Proceedings of SC$^2$ 2017 at ISSAC},
  volume       = {1974},
  series       = {CEUR Workshop Proceedings},
  url          = {http://ceur-ws.org/Vol-1974/EAb.pdf},
  file         = {:Abraham2017 - Embedding the Virtual Substitution Method in the Model Constructing Satisfiability Calculus Framework.pdf:PDF},
}

@InProceedings{Jovanovic2013,
  author       = {Dejan Jovanovi{\'c} and Clark Barrett and Leonardo de Moura},
  title        = {The Design and Implementation of the Model Constructing Satisfiability Calculus},
  booktitle    = {Proceedings of FMCAD 2013},
  booksubtitle = {Proceedings of FMCAD 2013},
  location     = {Portland, OR, USA},
  isbn         = {978-0-9835678-3-7},
  pages        = {173--180},
  doi          = {10.1109/FMCAD.2013.7027033},
}
