@Thesis{Krueger2015,
  author      = {Andreas Krüger},
  title       = {Bitvectors in SMT-RAT and Their Application To Integer Arithmetics},
  type        = {Master thesis},
  institution = {RWTH Aachen University},
  year        = {2015},
}

@Thesis{Sali2018,
  author      = {Ömer Sali},
  title       = {Linearization Techniques for Nonlinear Arithmetic Problems in SMT},
  type        = {Master thesis},
  institution = {RWTH Aachen University},
  year        = {2018},
}

@Thesis{Zaman2019,
  author      = {Aklima Zaman},
  title       = {Incremental Linearization for SAT Modulo Real Arithmetic Solving},
  type        = {Master thesis},
  institution = {RWTH Aachen University},
  year        = {2019},
}

@Thesis{Grobelna2017,
  author      = {Marta Grobelna},
  title       = {Solving Pseudo-Boolean Constraints},
  type        = bathesis,
  institution = RWTH,
  year        = {2017},
  school      = RWTH,
}
